<?xml version="1.0" encoding="UTF-8"?><collection xmlns="http://www.loc.gov/MARC21/slim"><record><leader>00558nam--2200181-i-4500</leader><controlfield tag="001">000026550</controlfield><controlfield tag="002">20161230</controlfield><controlfield tag="005">20161230201036</controlfield><controlfield tag="008">060222s1000------------r-----000-0-eng-d</controlfield><datafield ind1=" " ind2=" " tag="040"><subfield code="a">IFIN-HH</subfield></datafield><datafield ind1=" " ind2=" " tag="080"><subfield code="a">539.183.2</subfield></datafield><datafield ind1="1" ind2=" " tag="100"><subfield code="a">Marshak, R. E</subfield></datafield><datafield ind1="1" ind2="0" tag="245"><subfield code="a">Interscience monographs and texts in physics and astronomy. vol. vii. the abundance of the elements</subfield><subfield code="c">R.e. marshak (ed.) lawrence h. aller</subfield></datafield><datafield ind1=" " ind2=" " tag="260"><subfield code="a">New York, , 1957</subfield><subfield code="b">Interscience</subfield><subfield code="c">1961</subfield></datafield><datafield ind1=" " ind2=" " tag="300"><subfield code="a">XI+283P</subfield></datafield><datafield ind1="1" ind2=" " tag="700"><subfield code="a">Aller, Lawrence H</subfield></datafield><datafield ind1=" " ind2=" " tag="852"><subfield code="a">15588</subfield><subfield code="c">53</subfield></datafield><datafield ind1=" " ind2=" " tag="CAT"><subfield code="a">Sys</subfield><subfield code="c">20150212</subfield><subfield code="h">224955</subfield></datafield></record></collection>